 @inproceedings{DBLP:conf/coordination/DominiAEV24,
  author       = {Davide Domini and
                  Gianluca Aguzzi and
                  Lukas Esterle and
                  Mirko Viroli},
  editor       = {Ilaria Castellani and
                  Francesco Tiezzi},
  title        = {Field-Based Coordination for Federated Learning},
  booktitle    = {Coordination Models and Languages - 26th {IFIP} {WG} 6.1 International
                  Conference, {COORDINATION} 2024, Held as Part of the 19th International
                  Federated Conference on Distributed Computing Techniques, DisCoTec
                  2024, Groningen, The Netherlands, June 17-21, 2024, Proceedings},
  series       = {Lecture Notes in Computer Science},
  volume       = {14676},
  pages        = {56--74},
  publisher    = {Springer},
  year         = {2024},
  url          = {https://doi.org/10.1007/978-3-031-62697-5\_4},
  doi          = {10.1007/978-3-031-62697-5\_4},
  timestamp    = {Wed, 19 Jun 2024 22:24:12 +0200},
  biburl       = {https://dblp.org/rec/conf/coordination/DominiAEV24.bib},
  bibsource    = {dblp computer science bibliography, https://dblp.org}
}

@inproceedings{DBLP:conf/acsos/DominiFAVE24,
author       = {Davide Domini and
                  Nicolas Farabegoli and
                  Gianluca Aguzzi and
                  Mirko Viroli and
                  Lukas Esterle},
title        = {Proximity-based Self-Federated Learning},
booktitle    = {{IEEE} International Conference on Autonomic Computing and Self-Organizing
                  Systems, {ACSOS} 2024, Aarhus, Denmark, September 16-20 2024},
publisher    = {{IEEE}},
year         = {2024},
url          = {to appear},
doi          = {to appear},
biburl       = {to appear},
bibsource    = {dblp computer science bibliography, https://dblp.org}
}

@inproceedings{DBLP:conf/acsos/Domini24,
author       = {Davide Domini},
title        = {Towards Self-Adaptive Cooperative Learning in Collective Systems},
booktitle    = {{IEEE} International Conference on Autonomic Computing and Self-Organizing
                  Systems, {ACSOS} 2024, Aarhus, Denmark, September 16-20 2024},
publisher    = {{IEEE}},
year         = {2024},
url          = {to appear},
doi          = {to appear},
biburl       = {to appear},
bibsource    = {dblp computer science bibliography, https://dblp.org}
}

@inproceedings{DBLP:conf/dsrt/DominiAPV24,
author       = {Davide Domini and
                Gianluca Aguzzi and
                Danilo Pianini and
                Mirko Viroli},
title        = {A Reusable Simulation Pipeline for Many-Agent Reinforcement Learning},
booktitle    = {{IEEE} 28th International Symposium on Distributed Simulation and Real Time Applications (DS-RT 2024), Urbino, Italy, October 7-9 2024},
publisher    = {{IEEE}},
year         = {2024},
url          = {to appear},
doi          = {to appear},
biburl       = {to appear},
bibsource    = {dblp computer science bibliography, https://dblp.org}
}

@inproceedings{DBLP:conf/coordination/DominiCAV23,
  author       = {Davide Domini and
                  Filippo Cavallari and
                  Gianluca Aguzzi and
                  Mirko Viroli},
  editor       = {Sung{-}Shik Jongmans and
                  Ant{\'{o}}nia Lopes},
  title        = {ScaRLib: {A} Framework for Cooperative Many Agent Deep Reinforcement
                  Learning in Scala},
  booktitle    = {Coordination Models and Languages - 25th {IFIP} {WG} 6.1 International
                  Conference, {COORDINATION} 2023, Held as Part of the 18th International
                  Federated Conference on Distributed Computing Techniques, DisCoTec
                  2023, Lisbon, Portugal, June 19-23, 2023, Proceedings},
  series       = {Lecture Notes in Computer Science},
  volume       = {13908},
  pages        = {52--70},
  publisher    = {Springer},
  year         = {2023},
  url          = {https://doi.org/10.1007/978-3-031-35361-1\_3},
  doi          = {10.1007/978-3-031-35361-1\_3},
  timestamp    = {Fri, 07 Jul 2023 23:30:43 +0200},
  biburl       = {https://dblp.org/rec/conf/coordination/DominiCAV23.bib},
  bibsource    = {dblp computer science bibliography, https://dblp.org}
}

@article{DBLP:journals/scp/DominiCAV24,
  author       = {Davide Domini and
                  Filippo Cavallari and
                  Gianluca Aguzzi and
                  Mirko Viroli},
  title        = {ScaRLib: Towards a hybrid toolchain for aggregate computing and many-agent reinforcement learning},
  journal      = {Sci. Comput. Program.},
  volume = {238},
  pages = {103176},
  year         = {2024},
  doi = {https://doi.org/10.1016/j.scico.2024.103176},
  url = {https://www.sciencedirect.com/science/article/pii/S0167642324000996},
  keywords = {Cyber-physical swarms, Macroprogramming, Reinforcement learning},
  bibsource    = {dblp computer science bibliography, https://dblp.org}
}

@inproceedings{DBLP:conf/woa/DominiFAV24,
  author       = {Davide Domini and
                  Nicolas Farabegoli and
                  Gianluca Aguzzi and
                  Mirko Viroli},
  editor       = {Marco Alderighi and
                  Matteo Baldoni and
                  Cristina Baroglio and
                  Roberto Micalizio and
                  Stefano Tedeschi},
  title        = {Towards Intelligent Pulverized Systems: a Modern Approach for Edge-Cloud
                  Services},
  booktitle    = {Proceedings of the 25th Workshop "From Objects to Agents", Bard (Aosta),
                  Italy, July 8-10, 2024},
  series       = {{CEUR} Workshop Proceedings},
  volume       = {3735},
  pages        = {233--251},
  publisher    = {CEUR-WS.org},
  year         = {2024},
  url          = {https://ceur-ws.org/Vol-3735/paper\_19.pdf},
  timestamp    = {Fri, 26 Jul 2024 22:35:03 +0200},
  biburl       = {https://dblp.org/rec/conf/woa/DominiFAV24.bib},
  bibsource    = {dblp computer science bibliography, https://dblp.org}
}